<record><leader>00000cas a22000007a 4500</leader><controlfield tag="001">34470097</controlfield><controlfield tag="008">960327c199u9999txuwr ne      0   a0eng c</controlfield><datafield ind1=" " ind2=" " tag="010"><subfield code="a">sn 96003269 </subfield></datafield><datafield ind1=" " ind2=" " tag="040"><subfield code="a">NSD</subfield><subfield code="b">eng</subfield><subfield code="c">NSD</subfield><subfield code="d">OCLCQ</subfield><subfield code="d">DLC</subfield><subfield code="d">OCLCQ</subfield><subfield code="d">TXI</subfield><subfield code="d">OCLCO</subfield><subfield code="d">OCLCF</subfield></datafield><datafield ind1=" " ind2=" " tag="012"><subfield code="m">1</subfield></datafield><datafield ind1="1" ind2=" " tag="022"><subfield code="a">1087-9323</subfield><subfield code="l">1087-9323</subfield><subfield code="2">1</subfield></datafield><datafield ind1="1" ind2=" " tag="029"><subfield code="a">AU@</subfield><subfield code="b">000045517804</subfield></datafield><datafield ind1=" " ind2=" " tag="032"><subfield code="a">361430</subfield><subfield code="b">USPS</subfield></datafield><datafield ind1=" " ind2=" " tag="037"><subfield code="b">The Free press, POB 339, Buda, TX 78610</subfield><subfield code="c">$18.00</subfield></datafield><datafield ind1=" " ind2=" " tag="042"><subfield code="a">nsdp</subfield><subfield code="a">pcc</subfield></datafield><datafield ind1=" " ind2="4" tag="050"><subfield code="a">AN1.T4</subfield><subfield code="b">A95 ocfp</subfield></datafield><datafield ind1="0" ind2=" " tag="130"><subfield code="a">Free press (Buda, Tex.)</subfield></datafield><datafield ind1=" " ind2="4" tag="222"><subfield code="a">The free press</subfield><subfield code="b">(Buda, Tex.)</subfield></datafield><datafield ind1="1" ind2="4" tag="245"><subfield code="a">The free press.</subfield></datafield><datafield ind1="1" ind2="3" tag="246"><subfield code="a">Hays free press</subfield></datafield><datafield ind1=" " ind2=" " tag="260"><subfield code="a">Buda, Tex. :</subfield><subfield code="b">Bob Barton, Jr.</subfield></datafield><datafield ind1=" " ind2=" " tag="300"><subfield code="a">v.</subfield></datafield><datafield ind1=" " ind2=" " tag="310"><subfield code="a">Weekly</subfield></datafield><datafield ind1=" " ind2=" " tag="588"><subfield code="a">Description based on: Vol. 21, no. 10 (Mar. 7, 1996).</subfield></datafield><datafield ind1=" " ind2="0" tag="651"><subfield code="a">Texas</subfield><subfield code="v">Newspapers.</subfield></datafield><datafield ind1=" " ind2="7" tag="655"><subfield code="a">Newspapers.</subfield><subfield code="2">fast</subfield><subfield code="0">(OCoLC)fst01423814</subfield></datafield><datafield ind1=" " ind2="7" tag="651"><subfield code="a">Texas.</subfield><subfield code="2">fast</subfield><subfield code="0">(OCoLC)fst01210336</subfield></datafield><datafield ind1=" " ind2=" " tag="752"><subfield code="a">United States</subfield><subfield code="b">Texas</subfield><subfield code="c">Hays County</subfield><subfield code="d">Buda.</subfield></datafield><datafield ind1=" " ind2=" " tag="752"><subfield code="a">United States</subfield><subfield code="b">Texas</subfield><subfield code="c">Hays County</subfield><subfield code="d">Kyle.</subfield></datafield><datafield ind1="0" ind2="0" tag="780"><subfield code="t">Hays County free press</subfield><subfield code="x">1058-4471</subfield><subfield code="w">(DLC)sn 91003328</subfield><subfield code="w">(OCoLC)23982014</subfield></datafield></record>